
@online{DescriptionRobotMobile,
  title = {Description d'un Robot Mobile Autonome – {{Recherche~Google}}},
  url = {https://www.google.com/search?q=Description+d%27un+robot+mobile+autonome&client=firefox-b-d&source=lnms&tbm=isch&sa=X&ved=2ahUKEwje2ce8r9L3AhXxhf0HHWq_CHgQ_AUoAXoECAIQAw&biw=1618&bih=734&dpr=2#imgrc=0mzgOh20k-S9BM},
  urldate = {2022-05-09},
  file = {/Users/mac/Zotero/storage/XXVWHK4T/search.html}
}

@online{italianingenioMobiliteIndustrieRobots2021,
  title = {Mobilité et industrie : les robots AMR emballent la révolution},
  shorttitle = {Mobilité et industrie},
  author = {{ItalianIngenio}},
  date = {2021-09-17T07:45:49+00:00},
  url = {https://italianingenio.net/fr/mobilit%C3%A9-et-industrie-les-robots-amr-emballent-la-r%C3%A9volution/},
  urldate = {2022-05-09},
  abstract = {La flexibilité et le rapport coût-efficacité positif expliquent parfaitement le lien vertueux entre les principes de l'Industrie 4.0 et les robots AMR},
  langid = {french},
  organization = {{ItalianIngenio}},
  file = {/Users/mac/Zotero/storage/AD6UC8CF/mobilité-et-industrie-les-robots-amr-emballent-la-révolution.html}
}

@online{LargescaleAMRSorting2020,
  title = {Large-Scale {{AMR Sorting System}} for e-Commerce},
  date = {2020-09-07T09:15:10+00:00},
  url = {https://www.logisticsbusiness.com/materials-handling-warehousing/warehouse-vehicles-agvs/large-scale-amr-sorting-system-for-e-commerce/},
  urldate = {2022-05-09},
  abstract = {Geek+, a global AMR leader, has implemented a large scale AMR sorting system with... Read more »},
  langid = {british},
  organization = {{Logistics Business® Magazine}},
  file = {/Users/mac/Zotero/storage/UYLMTFF7/large-scale-amr-sorting-system-for-e-commerce.html}
}


